<?xml version="1.0" encoding="UTF-8"?><collection xmlns="http://www.loc.gov/MARC21/slim"><record><leader>00463nam--2200157-i-4500</leader><controlfield tag="001">000039438</controlfield><controlfield tag="002">20161230</controlfield><controlfield tag="005">20170205212723</controlfield><controlfield tag="008">060222s1000------------r-----000-0-eng-d</controlfield><datafield ind1=" " ind2=" " tag="080"><subfield code="a">5463.422(043)</subfield></datafield><datafield ind1=" " ind2=" " tag="100"><subfield code="a">Roch, Jean</subfield></datafield><datafield ind1=" " ind2=" " tag="245"><subfield code="a">La resonance paramagnetique electronique et son application a l`etudes de quelques pheomenes physico-chimiques</subfield><subfield code="b">these</subfield></datafield><datafield ind1=" " ind2=" " tag="260"><subfield code="a">Paris</subfield><subfield code="b">Univ</subfield><subfield code="c">1960</subfield></datafield><datafield ind1=" " ind2=" " tag="300"><subfield code="a">/1401-1448/p</subfield></datafield><datafield ind1=" " ind2=" " tag="852"><subfield code="a">77047</subfield></datafield><datafield ind1=" " ind2=" " tag="CAT"><subfield code="a">SYS</subfield><subfield code="c">20170205</subfield><subfield code="h">212723</subfield></datafield></record></collection>